@article{haas2022photovoltaic,
	title={The photovoltaic revolution is on: How it will change the electricity system in a lasting way},
	author={Haas, Reinhard and Duic, Neven and Auer, Hans and Ajanovic, Amela and Ramsebner, Jasmine and Knapek, Jaroslav and Zwickl-Bernhard, Sebastian},
	journal={Energy},
	pages={126351},
	year={2022},
	publisher={Elsevier}
}

@article{monier2011study,
	title={Study on photovoltaic panels supplementing the impact assessment for a recast of the WEEE directive},
	author={Monier, V{\'e}ronique and Hestin, Mathieu},
	journal={Final report},
	volume={6},
	year={2011}
}

@article{sharma2019global,
	title={Global review of policies \& guidelines for recycling of solar PV modules},
	author={Sharma, Arvind and Pandey, Suneel and Kolhe, Mohan},
	journal={International Journal of Smart Grid and Clean Energy},
	volume={8},
	number={5},
	pages={597--610},
	year={2019}
}

@article{malandrino2017policies,
	title={Policies and measures for sustainable management of solar panel end-of-life in Italy},
	author={Malandrino, Ornella and Sica, Daniela and Testa, Mario and Supino, Stefania},
	journal={Sustainability},
	volume={9},
	number={4},
	pages={481},
	year={2017},
	publisher={MDPI}
}

@article{jain2022end,
	title={End-of-life management of solar PV waste in India: Situation analysis and proposed policy framework},
	author={Jain, Suresh and Sharma, Tanya and Gupta, Anil Kumar},
	journal={Renewable and Sustainable Energy Reviews},
	volume={153},
	pages={111774},
	year={2022},
	publisher={Elsevier}
}

@article{mcdonald2010producer,
	title={Producer responsibility and recycling solar photovoltaic modules},
	author={McDonald, Nicole C and Pearce, Joshua M},
	journal={Energy Policy},
	volume={38},
	number={11},
	pages={7041--7047},
	year={2010},
	publisher={Elsevier}
}

@article{andreas2016end,
	title={End-of-Life Management: Solar Photovoltaic Panels},
	author={Andreas, W and Garvin, H},
	journal={UAE: International Renewable Energy Agency (IRENA)},
	year={2016}
}

@article{hernandez2014environmental,
	title={Environmental impacts of utility-scale solar energy},
	author={Hernandez, Rebecca R and Easter, SB and Murphy-Mariscal, Michelle L and Maestre, Fernando T and Tavassoli, M and Allen, Edith B and Barrows, Cameron W and Belnap, Jayne and Ochoa-Hueso, Ravi and Ravi, Sujith and others},
	journal={Renewable and sustainable energy reviews},
	volume={29},
	pages={766--779},
	year={2014},
	publisher={Elsevier}
}

@techreport{frischknecht2016methodology,
	title={Methodology guidelines on life cycle assessment of photovoltaic electricity},
	author={Frischknecht, Rolf and Heath, Garvin and Raugei, Marco and Sinha, Parikhit and de Wild-Scholten, Mariska},
	year={2016},
	institution={National Renewable Energy Lab.(NREL), Golden, CO (United States)}
}

@article{zhong2011lcas,
	title={LCAs of a polycrystalline photovoltaic module and a wind turbine},
	author={Zhong, ZW and Song, B and Loh, PE},
	journal={Renewable Energy},
	volume={36},
	number={8},
	pages={2227--2237},
	year={2011},
	publisher={Elsevier}
}

@inproceedings{huang2015simple,
	title={A simple green process to recycle Si from crystalline-Si solar cells},
	author={Huang, Wen-Hsi and Tao, Meng},
	booktitle={2015 IEEE 42nd Photovoltaic Specialist Conference (PVSC)},
	pages={1--4},
	year={2015},
	organization={IEEE}
}

@article{tomioka2016japanese,
	title={Japanese companies work on ways to recycle a mountain of solar panels},
	author={Tomioka, Osamu},
	journal={Nikkei Asian Rev},
	year={2016}
}

@article{granata2014recycling,
	title={Recycling of photovoltaic panels by physical operations},
	author={Granata, G and Pagnanelli, F and Moscardini, E and Havlik, T and Toro, LJSEM},
	journal={Solar Energy Materials and Solar Cells},
	volume={123},
	pages={239--248},
	year={2014},
	publisher={Elsevier}
}

@article{pagnanelli2017physical,
	title={Physical and chemical treatment of end of life panels: An integrated automatic approach viable for different photovoltaic technologies},
	author={Pagnanelli, Francesca and Moscardini, Emanuela and Granata, Giuseppe and Atia, Thomas Abo and Altimari, Pietro and Havlik, Tomas and Toro, Luigi},
	journal={Waste management},
	volume={59},
	pages={422--431},
	year={2017},
	publisher={Elsevier}
}

@article{song2020recycling,
	title={Recycling experimental investigation on end of life photovoltaic panels by application of high voltage fragmentation},
	author={Song, Bai-Peng and Zhang, Meng-Yao and Fan, Yue and Jiang, Ling and Kang, Jun and Gou, Ting-Tao and Zhang, Cheng-Lei and Yang, Ning and Zhang, Guan-Jun and Zhou, Xiang},
	journal={Waste Management},
	volume={101},
	pages={180--187},
	year={2020},
	publisher={Elsevier}
}

@article{doi2001experimental,
	title={Experimental study on PV module recycling with organic solvent method},
	author={Doi, Takuya and Tsuda, Izumi and Unagida, Hiroaki and Murata, Akinobu and Sakuta, Koichi and Kurokawa, Kosuke},
	journal={Solar energy materials and solar cells},
	volume={67},
	number={1-4},
	pages={397--403},
	year={2001},
	publisher={Elsevier}
}

@article{kang2012experimental,
	title={Experimental investigations for recycling of silicon and glass from waste photovoltaic modules},
	author={Kang, Sukmin and Yoo, Sungyeol and Lee, Jina and Boo, Bonghyun and Ryu, Hojin},
	journal={Renewable Energy},
	volume={47},
	pages={152--159},
	year={2012},
	publisher={Elsevier}
}

@article{kim2012dissolution,
	title={Dissolution of ethylene vinyl acetate in crystalline silicon PV modules using ultrasonic irradiation and organic solvent},
	author={Kim, Youngjin and Lee, Jaeryeong},
	journal={Solar energy materials and solar cells},
	volume={98},
	pages={317--322},
	year={2012},
	publisher={Elsevier}
}

@article{azeumo2019photovoltaic,
	title={Photovoltaic module recycling, a physical and a chemical recovery process},
	author={Azeumo, Maurianne Flore and Germana, Conte and Ippolito, Nicol{\`o} Maria and Franco, Medici and Luigi, Piga and Settimio, Santilli},
	journal={Solar Energy Materials and Solar Cells},
	volume={193},
	pages={314--319},
	year={2019},
	publisher={Elsevier}
}

@article{li2022green,
	title={A green method to separate different layers in photovoltaic modules by using DMPU as a separation agent},
	author={Li, Ke and Wang, Zhi and Liu, Changming and Wang, Dong and Li, Guobiao and Chen, Xuanyi and Qian, Guoyu and Hu, Kaibo},
	journal={Solar Energy Materials and Solar Cells},
	volume={245},
	pages={111870},
	year={2022},
	publisher={Elsevier}
}

@article{zhang2016separating,
	title={Separating and recycling plastic, glass, and gallium from waste solar cell modules by nitrogen pyrolysis and vacuum decomposition},
	author={Zhang, Lingen and Xu, Zhenming},
	journal={Environmental science \& technology},
	volume={50},
	number={17},
	pages={9242--9250},
	year={2016},
	publisher={ACS Publications}
}

@article{fiandra2019silicon,
	title={Silicon photovoltaic modules at end-of-life: Removal of polymeric layers and separation of materials},
	author={Fiandra, Valeria and Sannino, Lucio and Andreozzi, Concetta and Corcelli, Fabiana and Graditi, Giorgio},
	journal={Waste Management},
	volume={87},
	pages={97--107},
	year={2019},
	publisher={Elsevier}
}

@article{riech2021experimental,
	title={Experimental methodology for the separation materials in the recycling process of silicon photovoltaic panels},
	author={Riech, Ines and Castro-Montalvo, Carlos and Wittersheim, Lo{\"\i}s and Gi{\'a}coman-Vallejos, Germ{\'a}n and Gonz{\'a}lez-S{\'a}nchez, Avel and Gamboa-Loira, Cinthia and Acosta, Milenis and M{\'e}ndez-Gamboa, Jos{\'e}},
	journal={Materials},
	volume={14},
	number={3},
	pages={581},
	year={2021},
	publisher={MDPI}
}

@article{dias2017recycling,
	title={Recycling WEEE: Polymer characterization and pyrolysis study for waste of crystalline silicon photovoltaic modules},
	author={Dias, Pablo and Javimczik, Selene and Benevit, Mariana and Veit, Hugo},
	journal={Waste Management},
	volume={60},
	pages={716--722},
	year={2017},
	publisher={Elsevier}
}

@article{aryan2018comparative,
	title={A comparative life cycle assessment of end-of-life treatment pathways for photovoltaic backsheets},
	author={Aryan, Venkat and Font-Brucart, Merc{\`e} and Maga, Daniel},
	journal={Progress in Photovoltaics: Research and Applications},
	volume={26},
	number={7},
	pages={443--459},
	year={2018},
	publisher={Wiley Online Library}
}

@article{farneth1993degradation,
	title={Degradation mechanisms of poly (vinyl fluoride) films},
	author={Farneth, William E and Aronson, Mark T and Uschold, Ronald E},
	journal={Macromolecules},
	volume={26},
	number={18},
	pages={4765--4769},
	year={1993},
	publisher={ACS Publications}
}

@article{debergalis2004fluoropolymer,
	title={Fluoropolymer films in the photovoltaic industry},
	author={DeBergalis, Michael},
	journal={Journal of Fluorine Chemistry},
	volume={125},
	number={8},
	pages={1255--1257},
	year={2004},
	publisher={Elsevier}
}

@article{pang2021enhanced,
	title={Enhanced separation of different layers in photovoltaic panel by microwave field},
	author={Pang, Sheng and Yan, Yang and Wang, Zhi and Wang, Dong and Li, Shijian and Ma, Wenhui and Wei, Kuixian},
	journal={Solar Energy Materials and Solar Cells},
	volume={230},
	pages={111213},
	year={2021},
	publisher={Elsevier}
}

@article{tammaro2015thermal,
	title={Thermal treatment of waste photovoltaic module for recovery and recycling: Experimental assessment of the presence of metals in the gas emissions and in the ashes},
	author={Tammaro, Marco and Rimauro, Juri and Fiandra, Valeria and Salluzzo, Antonio},
	journal={Renewable Energy},
	volume={81},
	pages={103--112},
	year={2015},
	publisher={Elsevier}
}

@article{park2016eco,
	title={An eco-friendly method for reclaimed silicon wafers from a photovoltaic module: from separation to cell fabrication},
	author={Park, Jongsung and Kim, Wangou and Cho, Namjun and Lee, Haksoo and Park, Nochang},
	journal={Green Chemistry},
	volume={18},
	number={6},
	pages={1706--1714},
	year={2016},
	publisher={Royal Society of Chemistry}
}

@article{shin2017method,
	title={A method to recycle silicon wafer from end-of-life photovoltaic module and solar panels by using recycled silicon wafers},
	author={Shin, Jeongeun and Park, Jongsung and Park, Nochang},
	journal={Solar Energy Materials and Solar Cells},
	volume={162},
	pages={1--6},
	year={2017},
	publisher={Elsevier}
}

@inproceedings{wang2012recycling,
	title={Recycling of materials from silicon base solar cell module},
	author={Wang, Teng-Yu and Hsiao, Jui-Chung and Du, Chen-Hsun},
	booktitle={2012 38th IEEE Photovoltaic Specialists Conference},
	pages={002355--002358},
	year={2012},
	organization={IEEE}
}

@article{fiandra2019end,
	title={End-of-life of silicon PV panels: A sustainable materials recovery process},
	author={Fiandra, Valeria and Sannino, Lucio and Andreozzi, Concetta and Graditi, Giorgio},
	journal={Waste management},
	volume={84},
	pages={91--101},
	year={2019},
	publisher={Elsevier}
}

@article{dobra2022selective,
	title={Selective delamination by milling as a first step in the recycling of photovoltaic modules},
	author={Dobra, Tudor and Thajer, Florian and Wiesinger, Gerhard and Vollprecht, Daniel and Pomberger, Roland},
	journal={Environmental Technology},
	pages={1--9},
	year={2022},
	publisher={Taylor \& Francis}
}

@article{danz2019experimental,
	title={Experimental study on fluorine release from photovoltaic backsheet materials containing PVF and PVDF during pyrolysis and incineration in a technical lab-scale reactor at various temperatures},
	author={Danz, Philipp and Aryan, Venkat and M{\"o}hle, Edda and Nowara, Nicole},
	journal={Toxics},
	volume={7},
	number={3},
	pages={47},
	year={2019},
	publisher={MDPI}
}

@article{geretschlager2016structure,
	title={Structure and basic properties of photovoltaic module backsheet films},
	author={Geretschl{\"a}ger, Klaus J and Wallner, Gernot M and Fischer, J{\"o}rg},
	journal={Solar Energy Materials and Solar Cells},
	volume={144},
	pages={451--456},
	year={2016},
	publisher={Elsevier}
}

@article{duflou2018demanufacturing,
	title={Demanufacturing photovoltaic panels: Comparison of end-of-life treatment strategies for improved resource recovery},
	author={Duflou, Joost R and Peeters, Jef R and Altamirano, Diego and Bracquene, Ellen and Dewulf, Wim},
	journal={CIRP Annals},
	volume={67},
	number={1},
	pages={29--32},
	year={2018},
	publisher={Elsevier}
}

@article{bogust2020physical,
	title={Physical separation and beneficiation of end-of-life photovoltaic panel materials: utilizing temperature swings and particle shape},
	author={Bogust, Pamela and Smith, York R},
	journal={JOM},
	volume={72},
	number={7},
	pages={2615--2623},
	year={2020},
	publisher={Springer}
}

@article{dassisti2020cryogenic,
	title={Cryogenic delamination: mathematical modeling and analysis of an innovative recycling process for photovoltaic crystalline modules},
	author={Dassisti, M and Florio, G and Maddalena, F},
	journal={Journal of Remanufacturing},
	volume={10},
	pages={43--56},
	year={2020},
	publisher={Springer}
}

@article{kempe2007acetic,
	title={Acetic acid production and glass transition concerns with ethylene-vinyl acetate used in photovoltaic devices},
	author={Kempe, Michael D and Jorgensen, Gary J and Terwilliger, Kent M and McMahon, Tom J and Kennedy, Cheryl E and Borek, Theodore T},
	journal={Solar energy materials and solar cells},
	volume={91},
	number={4},
	pages={315--329},
	year={2007},
	publisher={Elsevier}
}

@article{zhu2022effects,
	title={Effects of Different Particle-Sized Al Powders on Sintering Properties of Aluminum Paste in Crystalline Silicon Solar Cell},
	author={Zhu, Peng and Lu, Yang and Chen, Xiaolei and others},
	journal={International Journal of Photoenergy},
	volume={2022},
	year={2022},
	publisher={Hindawi}
}

@article{guo2018direct,
	title={Direct soldering of screen-printed Al-paste layer on back-side of silicon solar cell using SnAg solder},
	author={Guo, Weibing and Ma, Xinran and Gao, Mingze and Yan, Jiuchun},
	journal={Materials Letters},
	volume={231},
	pages={146--149},
	year={2018},
	publisher={Elsevier}
}

@article{krause2011microstructural,
	title={Microstructural and electrical properties of different-sized aluminum-alloyed contacts and their layer system on silicon surfaces},
	author={Krause, Jonas and Woehl, Robert and Rauer, Michael and Schmiga, Christian and Wilde, J{\"u}rgen and Biro, Daniel},
	journal={Solar Energy Materials and Solar Cells},
	volume={95},
	number={8},
	pages={2151--2160},
	year={2011},
	publisher={Elsevier}
}

@article{neuhaus2007industrial,
	title={Industrial silicon wafer solar cells},
	author={Neuhaus, Dirk-Holger and M{\"u}nzer, Adolf},
	journal={Advances in optoelectronics},
	volume={2007},
	year={2007},
	publisher={Hindawi}
}

@inproceedings{urrejola2010si,
	title={Al-Si alloy formation in narrow p-Si contact areas},
	author={Urrejola, Elias and Peter, Kristian and Plagwitz, Heiko and Schubert, Gunnar},
	booktitle={2nd Workshop on Metallization of Crystalline Silicon Solar Cells},
	year={2010},
	pages={11--14},
}

@article{popovich2013understanding,
	title={Understanding the properties of silicon solar cells aluminium contact layers and its effect on mechanical stability},
	author={Popovich, VA and Van Maris, MPFHL and Janssen, M and Bennett, IJ and Richardson, IM},
	journal={Materials Sciences and Applications},
	year={2013},
	publisher={Scientific Research Publishing}
}

@article{xiong2017corrosion,
	title={Corrosion behavior of crystalline silicon solar cells},
	author={Xiong, Huaping and Gan, Chuanhai and Yang, Xiaobing and Hu, Zhigang and Niu, Haiyan and Li, Jianfeng and Si, Jianfang and Xing, Pengfei and Luo, Xuetao},
	journal={Microelectronics Reliability},
	volume={70},
	pages={49--58},
	year={2017},
	publisher={Elsevier}
}

@article{popovich2011microstructure,
	title={Microstructure and mechanical properties of aluminum back contact layers},
	author={Popovich, VA and Janssen, M and Richardson, IM and Van Amstel, T and Bennett, IJ},
	journal={Solar energy materials and solar cells},
	volume={95},
	number={1},
	pages={93--96},
	year={2011},
	publisher={Elsevier}
}

@article{liu2022sintering,
	title={Sintering mechanism of electronic aluminum paste and its effect on electrical conductivity of aluminum electrode},
	author={Liu, Shunke and Zhu, Xiaoyun and Long, Jinming},
	journal={Materials Science in Semiconductor Processing},
	volume={139},
	pages={106352},
	year={2022},
	publisher={Elsevier}
}

@article{iftiquar2012fabrication,
	title={Fabrication of crystalline silicon solar cell with emitter diffusion, SiNx surface passivation and screen printing of electrode},
	author={Iftiquar, SM and Lee, Youngwoo and Ju, Minkyu and Balaji, Nagarajan and Dhungel, Suresh Kumar and Yi, Junsin},
	journal={Photodiodes-From Fundamentals to Applications},
	volume={395},
	pages={116},
	year={2012},
	publisher={IntechOpen}
}

@inproceedings{wiese2009constitutive,
	title={Constitutive behaviour of copper ribbons used in solar cell assembly processes},
	author={Wiese, Steffen and Meier, Rico and Kraemer, Frank and Bagdahn, JOerg},
	booktitle={EuroSimE 2009-10th International Conference on Thermal, Mechanical and Multi-Physics Simulation and Experiments in Microelectronics and Microsystems},
	pages={1--8},
	year={2009},
	organization={IEEE}
}

@article{lim2019analysis,
	title={Analysis of the bowing phenomenon for thin c-Si solar cells using partially processed c-Si solar cells},
	author={Lim, Jong Rok and Kim, Sihan and Ahn, Hyung-Keun and Song, Hee-Eun and Kang, Gi Hwan},
	journal={Energies},
	volume={12},
	number={9},
	pages={1593},
	year={2019},
	publisher={MDPI}
}





